%YAML 1.1
%TAG !u! tag:unity3d.com,2011:
--- !u!1107 &-7130546120824897732
AnimatorStateMachine:
  serializedVersion: 6
  m_ObjectHideFlags: 1
  m_CorrespondingSourceObject: {fileID: 0}
  m_PrefabInstance: {fileID: 0}
  m_PrefabAsset: {fileID: 0}
  m_Name: Floating
  m_ChildStates:
  - serializedVersion: 1
    m_State: {fileID: -3692708251200441514}
    m_Position: {x: 400, y: 130, z: 0}
  m_ChildStateMachines: []
  m_AnyStateTransitions: []
  m_EntryTransitions: []
  m_StateMachineTransitions: {}
  m_StateMachineBehaviours: []
  m_AnyStatePosition: {x: 120, y: 0, z: 0}
  m_EntryPosition: {x: 420, y: 0, z: 0}
  m_ExitPosition: {x: 420, y: 270, z: 0}
  m_ParentStateMachinePosition: {x: 800, y: 20, z: 0}
  m_DefaultState: {fileID: -3692708251200441514}
--- !u!1102 &-3692708251200441514
AnimatorState:
  serializedVersion: 6
  m_ObjectHideFlags: 1
  m_CorrespondingSourceObject: {fileID: 0}
  m_PrefabInstance: {fileID: 0}
  m_PrefabAsset: {fileID: 0}
  m_Name: Floating
  m_Speed: 1
  m_CycleOffset: 0
  m_Transitions: []
  m_StateMachineBehaviours: []
  m_Position: {x: 50, y: 50, z: 0}
  m_IKOnFeet: 0
  m_WriteDefaultValues: 1
  m_Mirror: 0
  m_SpeedParameterActive: 1
  m_MirrorParameterActive: 0
  m_CycleOffsetParameterActive: 1
  m_TimeParameterActive: 0
  m_Motion: {fileID: 2801510855278663157}
  m_Tag: 
  m_SpeedParameter: Floating Speed
  m_MirrorParameter: 
  m_CycleOffsetParameter: Floating Loop Offset
  m_TimeParameter: 
--- !u!206 &-3083366196899894927
BlendTree:
  m_ObjectHideFlags: 1
  m_CorrespondingSourceObject: {fileID: 0}
  m_PrefabInstance: {fileID: 0}
  m_PrefabAsset: {fileID: 0}
  m_Name: Rotation
  m_Childs:
  - serializedVersion: 2
    m_Motion: {fileID: 7400000, guid: 487a2bd645d745649ad7186bb888d518, type: 2}
    m_Threshold: 0
    m_Position: {x: 0, y: 0}
    m_TimeScale: 1
    m_CycleOffset: 0
    m_DirectBlendParameter: Loop Offset
    m_Mirror: 0
  - serializedVersion: 2
    m_Motion: {fileID: 7400000, guid: be111ddcbd8c3f64bb778e5c89084172, type: 2}
    m_Threshold: 1
    m_Position: {x: 0, y: 0}
    m_TimeScale: 1
    m_CycleOffset: 0
    m_DirectBlendParameter: Loop Offset
    m_Mirror: 0
  m_BlendParameter: Rotation Scale
  m_BlendParameterY: Loop Offset
  m_MinThreshold: 0
  m_MaxThreshold: 1
  m_UseAutomaticThresholds: 1
  m_NormalizedBlendValues: 0
  m_BlendType: 0
--- !u!1107 &-1842395906748921772
AnimatorStateMachine:
  serializedVersion: 6
  m_ObjectHideFlags: 1
  m_CorrespondingSourceObject: {fileID: 0}
  m_PrefabInstance: {fileID: 0}
  m_PrefabAsset: {fileID: 0}
  m_Name: Rotation
  m_ChildStates:
  - serializedVersion: 1
    m_State: {fileID: 2207677729095225898}
    m_Position: {x: 300, y: 130, z: 0}
  m_ChildStateMachines: []
  m_AnyStateTransitions: []
  m_EntryTransitions: []
  m_StateMachineTransitions: {}
  m_StateMachineBehaviours: []
  m_AnyStatePosition: {x: 20, y: 0, z: 0}
  m_EntryPosition: {x: 320, y: 0, z: 0}
  m_ExitPosition: {x: 320, y: 270, z: 0}
  m_ParentStateMachinePosition: {x: 800, y: 20, z: 0}
  m_DefaultState: {fileID: 2207677729095225898}
--- !u!91 &9100000
AnimatorController:
  m_ObjectHideFlags: 0
  m_CorrespondingSourceObject: {fileID: 0}
  m_PrefabInstance: {fileID: 0}
  m_PrefabAsset: {fileID: 0}
  m_Name: Floating Object
  serializedVersion: 5
  m_AnimatorParameters:
  - m_Name: Floating Loop Offset
    m_Type: 1
    m_DefaultFloat: 0
    m_DefaultInt: 0
    m_DefaultBool: 0
    m_Controller: {fileID: 0}
  - m_Name: Floating Speed
    m_Type: 1
    m_DefaultFloat: 1
    m_DefaultInt: 0
    m_DefaultBool: 0
    m_Controller: {fileID: 0}
  - m_Name: Floting Scale
    m_Type: 1
    m_DefaultFloat: 0
    m_DefaultInt: 0
    m_DefaultBool: 0
    m_Controller: {fileID: 0}
  - m_Name: Rotation Loop Offset
    m_Type: 1
    m_DefaultFloat: 0
    m_DefaultInt: 0
    m_DefaultBool: 0
    m_Controller: {fileID: 0}
  - m_Name: Rotation Speed
    m_Type: 1
    m_DefaultFloat: 1
    m_DefaultInt: 0
    m_DefaultBool: 0
    m_Controller: {fileID: 0}
  - m_Name: Rotation Scale
    m_Type: 1
    m_DefaultFloat: 0
    m_DefaultInt: 0
    m_DefaultBool: 0
    m_Controller: {fileID: 0}
  m_AnimatorLayers:
  - serializedVersion: 5
    m_Name: Floating
    m_StateMachine: {fileID: -7130546120824897732}
    m_Mask: {fileID: 0}
    m_Motions: []
    m_Behaviours: []
    m_BlendingMode: 0
    m_SyncedLayerIndex: -1
    m_DefaultWeight: 0
    m_IKPass: 0
    m_SyncedLayerAffectsTiming: 0
    m_Controller: {fileID: 9100000}
  - serializedVersion: 5
    m_Name: Rotation
    m_StateMachine: {fileID: -1842395906748921772}
    m_Mask: {fileID: 0}
    m_Motions: []
    m_Behaviours: []
    m_BlendingMode: 1
    m_SyncedLayerIndex: -1
    m_DefaultWeight: 1
    m_IKPass: 0
    m_SyncedLayerAffectsTiming: 0
    m_Controller: {fileID: 9100000}
--- !u!1102 &2207677729095225898
AnimatorState:
  serializedVersion: 6
  m_ObjectHideFlags: 1
  m_CorrespondingSourceObject: {fileID: 0}
  m_PrefabInstance: {fileID: 0}
  m_PrefabAsset: {fileID: 0}
  m_Name: Rotation
  m_Speed: 1
  m_CycleOffset: 0
  m_Transitions: []
  m_StateMachineBehaviours: []
  m_Position: {x: 50, y: 50, z: 0}
  m_IKOnFeet: 0
  m_WriteDefaultValues: 1
  m_Mirror: 0
  m_SpeedParameterActive: 1
  m_MirrorParameterActive: 0
  m_CycleOffsetParameterActive: 1
  m_TimeParameterActive: 0
  m_Motion: {fileID: -3083366196899894927}
  m_Tag: 
  m_SpeedParameter: Rotation Speed
  m_MirrorParameter: 
  m_CycleOffsetParameter: Rotation Loop Offset
  m_TimeParameter: 
--- !u!206 &2801510855278663157
BlendTree:
  m_ObjectHideFlags: 1
  m_CorrespondingSourceObject: {fileID: 0}
  m_PrefabInstance: {fileID: 0}
  m_PrefabAsset: {fileID: 0}
  m_Name: Floating
  m_Childs:
  - serializedVersion: 2
    m_Motion: {fileID: 7400000, guid: 487a2bd645d745649ad7186bb888d518, type: 2}
    m_Threshold: 0
    m_Position: {x: 0, y: 0}
    m_TimeScale: 1
    m_CycleOffset: 0
    m_DirectBlendParameter: Loop Offset
    m_Mirror: 0
  - serializedVersion: 2
    m_Motion: {fileID: 7400000, guid: daebed2156bccf14aaab1b561c369713, type: 2}
    m_Threshold: 1
    m_Position: {x: 0, y: 0}
    m_TimeScale: 1
    m_CycleOffset: 0
    m_DirectBlendParameter: Loop Offset
    m_Mirror: 0
  m_BlendParameter: Floting Scale
  m_BlendParameterY: Loop Offset
  m_MinThreshold: 0
  m_MaxThreshold: 1
  m_UseAutomaticThresholds: 1
  m_NormalizedBlendValues: 0
  m_BlendType: 0
