%YAML 1.1
%TAG !u! tag:unity3d.com,2011:
--- !u!1 &414457848307652035
GameObject:
  m_ObjectHideFlags: 0
  m_CorrespondingSourceObject: {fileID: 0}
  m_PrefabInstance: {fileID: 0}
  m_PrefabAsset: {fileID: 0}
  serializedVersion: 6
  m_Component:
  - component: {fileID: 414457848307652032}
  - component: {fileID: 414457848307652038}
  - component: {fileID: 414457848307652033}
  - component: {fileID: 1025178819808213554}
  m_Layer: 5
  m_Name: Bg
  m_TagString: Untagged
  m_Icon: {fileID: 0}
  m_NavMeshLayer: 0
  m_StaticEditorFlags: 0
  m_IsActive: 1
--- !u!224 &414457848307652032
RectTransform:
  m_ObjectHideFlags: 0
  m_CorrespondingSourceObject: {fileID: 0}
  m_PrefabInstance: {fileID: 0}
  m_PrefabAsset: {fileID: 0}
  m_GameObject: {fileID: 414457848307652035}
  m_LocalRotation: {x: 0, y: 0, z: 0, w: 1}
  m_LocalPosition: {x: 0, y: 0, z: 0}
  m_LocalScale: {x: 1, y: 1, z: 1}
  m_ConstrainProportionsScale: 0
  m_Children:
  - {fileID: 414457849984450538}
  m_Father: {fileID: 414457848954575537}
  m_RootOrder: 1
  m_LocalEulerAnglesHint: {x: 0, y: 0, z: 0}
  m_AnchorMin: {x: 0.5, y: 0.5}
  m_AnchorMax: {x: 0.5, y: 0.5}
  m_AnchoredPosition: {x: -9, y: 5}
  m_SizeDelta: {x: 25, y: 25}
  m_Pivot: {x: 0.5, y: 0.5}
--- !u!222 &414457848307652038
CanvasRenderer:
  m_ObjectHideFlags: 0
  m_CorrespondingSourceObject: {fileID: 0}
  m_PrefabInstance: {fileID: 0}
  m_PrefabAsset: {fileID: 0}
  m_GameObject: {fileID: 414457848307652035}
  m_CullTransparentMesh: 1
--- !u!114 &414457848307652033
MonoBehaviour:
  m_ObjectHideFlags: 0
  m_CorrespondingSourceObject: {fileID: 0}
  m_PrefabInstance: {fileID: 0}
  m_PrefabAsset: {fileID: 0}
  m_GameObject: {fileID: 414457848307652035}
  m_Enabled: 1
  m_EditorHideFlags: 0
  m_Script: {fileID: 11500000, guid: fe87c0e1cc204ed48ad3b37840f39efc, type: 3}
  m_Name: 
  m_EditorClassIdentifier: 
  m_Material: {fileID: 0}
  m_Color: {r: 1, g: 1, b: 1, a: 1}
  m_RaycastTarget: 1
  m_RaycastPadding: {x: 0, y: 0, z: 0, w: 0}
  m_Maskable: 1
  m_OnCullStateChanged:
    m_PersistentCalls:
      m_Calls: []
  m_Sprite: {fileID: 21300000, guid: e4c154f28f246174d939ee35dca47e70, type: 3}
  m_Type: 0
  m_PreserveAspect: 0
  m_FillCenter: 1
  m_FillMethod: 4
  m_FillAmount: 1
  m_FillClockwise: 1
  m_FillOrigin: 0
  m_UseSpriteMesh: 0
  m_PixelsPerUnitMultiplier: 1
--- !u!225 &1025178819808213554
CanvasGroup:
  m_ObjectHideFlags: 0
  m_CorrespondingSourceObject: {fileID: 0}
  m_PrefabInstance: {fileID: 0}
  m_PrefabAsset: {fileID: 0}
  m_GameObject: {fileID: 414457848307652035}
  m_Enabled: 1
  m_Alpha: 1
  m_Interactable: 1
  m_BlocksRaycasts: 1
  m_IgnoreParentGroups: 0
--- !u!1 &414457848954575536
GameObject:
  m_ObjectHideFlags: 0
  m_CorrespondingSourceObject: {fileID: 0}
  m_PrefabInstance: {fileID: 0}
  m_PrefabAsset: {fileID: 0}
  serializedVersion: 6
  m_Component:
  - component: {fileID: 414457848954575537}
  - component: {fileID: 2496419648096283147}
  - component: {fileID: 7553372255650233681}
  m_Layer: 5
  m_Name: ToggleRight
  m_TagString: Untagged
  m_Icon: {fileID: 0}
  m_NavMeshLayer: 0
  m_StaticEditorFlags: 0
  m_IsActive: 1
--- !u!224 &414457848954575537
RectTransform:
  m_ObjectHideFlags: 0
  m_CorrespondingSourceObject: {fileID: 0}
  m_PrefabInstance: {fileID: 0}
  m_PrefabAsset: {fileID: 0}
  m_GameObject: {fileID: 414457848954575536}
  m_LocalRotation: {x: 0, y: 0, z: 0, w: 1}
  m_LocalPosition: {x: 0, y: 0, z: 0}
  m_LocalScale: {x: 1, y: 1, z: 1}
  m_ConstrainProportionsScale: 1
  m_Children:
  - {fileID: 3222705366745841520}
  - {fileID: 414457848307652032}
  m_Father: {fileID: 0}
  m_RootOrder: 0
  m_LocalEulerAnglesHint: {x: 0, y: 0, z: 0}
  m_AnchorMin: {x: 0.5, y: 0.5}
  m_AnchorMax: {x: 0.5, y: 0.5}
  m_AnchoredPosition: {x: 151.8, y: 100.5}
  m_SizeDelta: {x: 100, y: 100}
  m_Pivot: {x: 0.5, y: 0.5}
--- !u!95 &2496419648096283147
Animator:
  serializedVersion: 4
  m_ObjectHideFlags: 0
  m_CorrespondingSourceObject: {fileID: 0}
  m_PrefabInstance: {fileID: 0}
  m_PrefabAsset: {fileID: 0}
  m_GameObject: {fileID: 414457848954575536}
  m_Enabled: 1
  m_Avatar: {fileID: 0}
  m_Controller: {fileID: 9100000, guid: 476c6395e48a8184888a80d5250bea75, type: 2}
  m_CullingMode: 0
  m_UpdateMode: 0
  m_ApplyRootMotion: 0
  m_LinearVelocityBlending: 0
  m_StabilizeFeet: 0
  m_WarningMessage: 
  m_HasTransformHierarchy: 1
  m_AllowConstantClipSamplingOptimization: 1
  m_KeepAnimatorControllerStateOnDisable: 0
--- !u!225 &7553372255650233681
CanvasGroup:
  m_ObjectHideFlags: 0
  m_CorrespondingSourceObject: {fileID: 0}
  m_PrefabInstance: {fileID: 0}
  m_PrefabAsset: {fileID: 0}
  m_GameObject: {fileID: 414457848954575536}
  m_Enabled: 1
  m_Alpha: 1
  m_Interactable: 1
  m_BlocksRaycasts: 1
  m_IgnoreParentGroups: 0
--- !u!1 &414457849984450533
GameObject:
  m_ObjectHideFlags: 0
  m_CorrespondingSourceObject: {fileID: 0}
  m_PrefabInstance: {fileID: 0}
  m_PrefabAsset: {fileID: 0}
  serializedVersion: 6
  m_Component:
  - component: {fileID: 414457849984450538}
  - component: {fileID: 414457849984450536}
  - component: {fileID: 414457849984450539}
  m_Layer: 5
  m_Name: Center
  m_TagString: Untagged
  m_Icon: {fileID: 0}
  m_NavMeshLayer: 0
  m_StaticEditorFlags: 0
  m_IsActive: 1
--- !u!224 &414457849984450538
RectTransform:
  m_ObjectHideFlags: 0
  m_CorrespondingSourceObject: {fileID: 0}
  m_PrefabInstance: {fileID: 0}
  m_PrefabAsset: {fileID: 0}
  m_GameObject: {fileID: 414457849984450533}
  m_LocalRotation: {x: -0, y: -0, z: -0, w: 1}
  m_LocalPosition: {x: 0, y: 0, z: 0}
  m_LocalScale: {x: 1, y: 1, z: 1}
  m_ConstrainProportionsScale: 0
  m_Children: []
  m_Father: {fileID: 414457848307652032}
  m_RootOrder: 0
  m_LocalEulerAnglesHint: {x: 0, y: 0, z: 0}
  m_AnchorMin: {x: 0.5, y: 0.5}
  m_AnchorMax: {x: 0.5, y: 0.5}
  m_AnchoredPosition: {x: 9, y: 0}
  m_SizeDelta: {x: 18, y: 18}
  m_Pivot: {x: 0.5, y: 0.5}
--- !u!222 &414457849984450536
CanvasRenderer:
  m_ObjectHideFlags: 0
  m_CorrespondingSourceObject: {fileID: 0}
  m_PrefabInstance: {fileID: 0}
  m_PrefabAsset: {fileID: 0}
  m_GameObject: {fileID: 414457849984450533}
  m_CullTransparentMesh: 1
--- !u!114 &414457849984450539
MonoBehaviour:
  m_ObjectHideFlags: 0
  m_CorrespondingSourceObject: {fileID: 0}
  m_PrefabInstance: {fileID: 0}
  m_PrefabAsset: {fileID: 0}
  m_GameObject: {fileID: 414457849984450533}
  m_Enabled: 1
  m_EditorHideFlags: 0
  m_Script: {fileID: 11500000, guid: fe87c0e1cc204ed48ad3b37840f39efc, type: 3}
  m_Name: 
  m_EditorClassIdentifier: 
  m_Material: {fileID: 0}
  m_Color: {r: 1, g: 1, b: 1, a: 1}
  m_RaycastTarget: 1
  m_RaycastPadding: {x: 0, y: 0, z: 0, w: 0}
  m_Maskable: 1
  m_OnCullStateChanged:
    m_PersistentCalls:
      m_Calls: []
  m_Sprite: {fileID: 21300000, guid: ebb456d2c939b0a41bb1619e34a83c78, type: 3}
  m_Type: 0
  m_PreserveAspect: 0
  m_FillCenter: 1
  m_FillMethod: 4
  m_FillAmount: 1
  m_FillClockwise: 1
  m_FillOrigin: 0
  m_UseSpriteMesh: 0
  m_PixelsPerUnitMultiplier: 1
--- !u!1001 &7278351553097453487
PrefabInstance:
  m_ObjectHideFlags: 0
  serializedVersion: 2
  m_Modification:
    m_TransformParent: {fileID: 414457848954575537}
    m_Modifications:
    - target: {fileID: 5312206145168355544, guid: 9771baa53e7a77c4bbeb4789a9748b95, type: 3}
      propertyPath: m_StringReference.m_TableEntryReference.m_KeyId
      value: 43746167816192
      objectReference: {fileID: 0}
    - target: {fileID: 5312206145168355544, guid: 9771baa53e7a77c4bbeb4789a9748b95, type: 3}
      propertyPath: m_StringReference.m_TableReference.m_TableCollectionName
      value: GUID:5cbc6ada1a50e1b4d894405832f3cac8
      objectReference: {fileID: 0}
    - target: {fileID: 5312206145168355548, guid: 9771baa53e7a77c4bbeb4789a9748b95, type: 3}
      propertyPath: m_Name
      value: Text
      objectReference: {fileID: 0}
    - target: {fileID: 5312206145168355550, guid: 9771baa53e7a77c4bbeb4789a9748b95, type: 3}
      propertyPath: m_text
      value: "\u0412\u043F\u0435\u0440\u0435\u0434"
      objectReference: {fileID: 0}
    - target: {fileID: 5312206145168355550, guid: 9771baa53e7a77c4bbeb4789a9748b95, type: 3}
      propertyPath: m_fontSize
      value: 23.3
      objectReference: {fileID: 0}
    - target: {fileID: 5312206145168355550, guid: 9771baa53e7a77c4bbeb4789a9748b95, type: 3}
      propertyPath: m_fontAsset
      value: 
      objectReference: {fileID: 11400000, guid: f3f4c3a3667fc21449dd1840df632e09, type: 2}
    - target: {fileID: 5312206145168355550, guid: 9771baa53e7a77c4bbeb4789a9748b95, type: 3}
      propertyPath: m_lineSpacing
      value: 0
      objectReference: {fileID: 0}
    - target: {fileID: 5312206145168355550, guid: 9771baa53e7a77c4bbeb4789a9748b95, type: 3}
      propertyPath: m_fontSizeBase
      value: 23.3
      objectReference: {fileID: 0}
    - target: {fileID: 5312206145168355550, guid: 9771baa53e7a77c4bbeb4789a9748b95, type: 3}
      propertyPath: m_sharedMaterial
      value: 
      objectReference: {fileID: -5019961201796660647, guid: f3f4c3a3667fc21449dd1840df632e09, type: 2}
    - target: {fileID: 5312206145168355550, guid: 9771baa53e7a77c4bbeb4789a9748b95, type: 3}
      propertyPath: m_characterSpacing
      value: 0
      objectReference: {fileID: 0}
    - target: {fileID: 5312206145168355550, guid: 9771baa53e7a77c4bbeb4789a9748b95, type: 3}
      propertyPath: m_VerticalAlignment
      value: 512
      objectReference: {fileID: 0}
    - target: {fileID: 5312206145168355550, guid: 9771baa53e7a77c4bbeb4789a9748b95, type: 3}
      propertyPath: m_HorizontalAlignment
      value: 4
      objectReference: {fileID: 0}
    - target: {fileID: 5312206145168355551, guid: 9771baa53e7a77c4bbeb4789a9748b95, type: 3}
      propertyPath: m_Pivot.x
      value: 0.5
      objectReference: {fileID: 0}
    - target: {fileID: 5312206145168355551, guid: 9771baa53e7a77c4bbeb4789a9748b95, type: 3}
      propertyPath: m_Pivot.y
      value: 0.5
      objectReference: {fileID: 0}
    - target: {fileID: 5312206145168355551, guid: 9771baa53e7a77c4bbeb4789a9748b95, type: 3}
      propertyPath: m_RootOrder
      value: 0
      objectReference: {fileID: 0}
    - target: {fileID: 5312206145168355551, guid: 9771baa53e7a77c4bbeb4789a9748b95, type: 3}
      propertyPath: m_AnchorMax.x
      value: 1
      objectReference: {fileID: 0}
    - target: {fileID: 5312206145168355551, guid: 9771baa53e7a77c4bbeb4789a9748b95, type: 3}
      propertyPath: m_AnchorMax.y
      value: 0.5
      objectReference: {fileID: 0}
    - target: {fileID: 5312206145168355551, guid: 9771baa53e7a77c4bbeb4789a9748b95, type: 3}
      propertyPath: m_AnchorMin.x
      value: 0
      objectReference: {fileID: 0}
    - target: {fileID: 5312206145168355551, guid: 9771baa53e7a77c4bbeb4789a9748b95, type: 3}
      propertyPath: m_AnchorMin.y
      value: 0.5
      objectReference: {fileID: 0}
    - target: {fileID: 5312206145168355551, guid: 9771baa53e7a77c4bbeb4789a9748b95, type: 3}
      propertyPath: m_SizeDelta.x
      value: -8
      objectReference: {fileID: 0}
    - target: {fileID: 5312206145168355551, guid: 9771baa53e7a77c4bbeb4789a9748b95, type: 3}
      propertyPath: m_SizeDelta.y
      value: 25
      objectReference: {fileID: 0}
    - target: {fileID: 5312206145168355551, guid: 9771baa53e7a77c4bbeb4789a9748b95, type: 3}
      propertyPath: m_LocalScale.x
      value: 1
      objectReference: {fileID: 0}
    - target: {fileID: 5312206145168355551, guid: 9771baa53e7a77c4bbeb4789a9748b95, type: 3}
      propertyPath: m_LocalScale.y
      value: 1
      objectReference: {fileID: 0}
    - target: {fileID: 5312206145168355551, guid: 9771baa53e7a77c4bbeb4789a9748b95, type: 3}
      propertyPath: m_LocalScale.z
      value: 1
      objectReference: {fileID: 0}
    - target: {fileID: 5312206145168355551, guid: 9771baa53e7a77c4bbeb4789a9748b95, type: 3}
      propertyPath: m_LocalPosition.x
      value: 0
      objectReference: {fileID: 0}
    - target: {fileID: 5312206145168355551, guid: 9771baa53e7a77c4bbeb4789a9748b95, type: 3}
      propertyPath: m_LocalPosition.y
      value: 0
      objectReference: {fileID: 0}
    - target: {fileID: 5312206145168355551, guid: 9771baa53e7a77c4bbeb4789a9748b95, type: 3}
      propertyPath: m_LocalPosition.z
      value: 0
      objectReference: {fileID: 0}
    - target: {fileID: 5312206145168355551, guid: 9771baa53e7a77c4bbeb4789a9748b95, type: 3}
      propertyPath: m_LocalRotation.w
      value: 1
      objectReference: {fileID: 0}
    - target: {fileID: 5312206145168355551, guid: 9771baa53e7a77c4bbeb4789a9748b95, type: 3}
      propertyPath: m_LocalRotation.x
      value: 0
      objectReference: {fileID: 0}
    - target: {fileID: 5312206145168355551, guid: 9771baa53e7a77c4bbeb4789a9748b95, type: 3}
      propertyPath: m_LocalRotation.y
      value: 0
      objectReference: {fileID: 0}
    - target: {fileID: 5312206145168355551, guid: 9771baa53e7a77c4bbeb4789a9748b95, type: 3}
      propertyPath: m_LocalRotation.z
      value: 0
      objectReference: {fileID: 0}
    - target: {fileID: 5312206145168355551, guid: 9771baa53e7a77c4bbeb4789a9748b95, type: 3}
      propertyPath: m_AnchoredPosition.x
      value: -76
      objectReference: {fileID: 0}
    - target: {fileID: 5312206145168355551, guid: 9771baa53e7a77c4bbeb4789a9748b95, type: 3}
      propertyPath: m_AnchoredPosition.y
      value: 5
      objectReference: {fileID: 0}
    - target: {fileID: 5312206145168355551, guid: 9771baa53e7a77c4bbeb4789a9748b95, type: 3}
      propertyPath: m_LocalEulerAnglesHint.x
      value: 0
      objectReference: {fileID: 0}
    - target: {fileID: 5312206145168355551, guid: 9771baa53e7a77c4bbeb4789a9748b95, type: 3}
      propertyPath: m_LocalEulerAnglesHint.y
      value: 0
      objectReference: {fileID: 0}
    - target: {fileID: 5312206145168355551, guid: 9771baa53e7a77c4bbeb4789a9748b95, type: 3}
      propertyPath: m_LocalEulerAnglesHint.z
      value: 0
      objectReference: {fileID: 0}
    m_RemovedComponents: []
  m_SourcePrefab: {fileID: 100100000, guid: 9771baa53e7a77c4bbeb4789a9748b95, type: 3}
--- !u!224 &3222705366745841520 stripped
RectTransform:
  m_CorrespondingSourceObject: {fileID: 5312206145168355551, guid: 9771baa53e7a77c4bbeb4789a9748b95, type: 3}
  m_PrefabInstance: {fileID: 7278351553097453487}
  m_PrefabAsset: {fileID: 0}
