%YAML 1.1
%TAG !u! tag:unity3d.com,2011:
--- !u!1 &2211797471538297385
GameObject:
  m_ObjectHideFlags: 0
  m_CorrespondingSourceObject: {fileID: 0}
  m_PrefabInstance: {fileID: 0}
  m_PrefabAsset: {fileID: 0}
  serializedVersion: 6
  m_Component:
  - component: {fileID: 4601140651109246986}
  - component: {fileID: 5136638514367958961}
  - component: {fileID: 8036494196378910886}
  - component: {fileID: 8785699235939654115}
  m_Layer: 5
  m_Name: Viewport
  m_TagString: Untagged
  m_Icon: {fileID: 0}
  m_NavMeshLayer: 0
  m_StaticEditorFlags: 0
  m_IsActive: 1
--- !u!224 &4601140651109246986
RectTransform:
  m_ObjectHideFlags: 0
  m_CorrespondingSourceObject: {fileID: 0}
  m_PrefabInstance: {fileID: 0}
  m_PrefabAsset: {fileID: 0}
  m_GameObject: {fileID: 2211797471538297385}
  m_LocalRotation: {x: -0, y: -0, z: -0, w: 1}
  m_LocalPosition: {x: 0, y: 0, z: 0}
  m_LocalScale: {x: 1, y: 1, z: 1}
  m_ConstrainProportionsScale: 0
  m_Children: []
  m_Father: {fileID: 5240948654692873204}
  m_RootOrder: 1
  m_LocalEulerAnglesHint: {x: 0, y: 0, z: 0}
  m_AnchorMin: {x: 0, y: 0}
  m_AnchorMax: {x: 1, y: 1}
  m_AnchoredPosition: {x: 0, y: -130}
  m_SizeDelta: {x: 0, y: -130}
  m_Pivot: {x: 0, y: 1}
--- !u!222 &5136638514367958961
CanvasRenderer:
  m_ObjectHideFlags: 0
  m_CorrespondingSourceObject: {fileID: 0}
  m_PrefabInstance: {fileID: 0}
  m_PrefabAsset: {fileID: 0}
  m_GameObject: {fileID: 2211797471538297385}
  m_CullTransparentMesh: 1
--- !u!114 &8036494196378910886
MonoBehaviour:
  m_ObjectHideFlags: 0
  m_CorrespondingSourceObject: {fileID: 0}
  m_PrefabInstance: {fileID: 0}
  m_PrefabAsset: {fileID: 0}
  m_GameObject: {fileID: 2211797471538297385}
  m_Enabled: 1
  m_EditorHideFlags: 0
  m_Script: {fileID: 11500000, guid: 1344c3c82d62a2a41a3576d8abb8e3ea, type: 3}
  m_Name: 
  m_EditorClassIdentifier: 
  m_Material: {fileID: 0}
  m_Color: {r: 1, g: 1, b: 1, a: 1}
  m_RaycastTarget: 1
  m_RaycastPadding: {x: 0, y: 0, z: 0, w: 0}
  m_Maskable: 1
  m_OnCullStateChanged:
    m_PersistentCalls:
      m_Calls: []
  m_Texture: {fileID: 0}
  m_UVRect:
    serializedVersion: 2
    x: 0
    y: 0
    width: 1
    height: 1
--- !u!114 &8785699235939654115
MonoBehaviour:
  m_ObjectHideFlags: 0
  m_CorrespondingSourceObject: {fileID: 0}
  m_PrefabInstance: {fileID: 0}
  m_PrefabAsset: {fileID: 0}
  m_GameObject: {fileID: 2211797471538297385}
  m_Enabled: 1
  m_EditorHideFlags: 0
  m_Script: {fileID: 11500000, guid: 3312d7739989d2b4e91e6319e9a96d76, type: 3}
  m_Name: 
  m_EditorClassIdentifier: 
  m_Padding: {x: 0, y: 5, z: 0, w: 5}
  m_Softness: {x: 0, y: 30}
--- !u!1 &3440246489740221992
GameObject:
  m_ObjectHideFlags: 0
  m_CorrespondingSourceObject: {fileID: 0}
  m_PrefabInstance: {fileID: 0}
  m_PrefabAsset: {fileID: 0}
  serializedVersion: 6
  m_Component:
  - component: {fileID: 4931314692110450570}
  - component: {fileID: 875916826572132164}
  - component: {fileID: 4336315971274312774}
  m_Layer: 5
  m_Name: Header
  m_TagString: Untagged
  m_Icon: {fileID: 0}
  m_NavMeshLayer: 0
  m_StaticEditorFlags: 0
  m_IsActive: 1
--- !u!224 &4931314692110450570
RectTransform:
  m_ObjectHideFlags: 0
  m_CorrespondingSourceObject: {fileID: 0}
  m_PrefabInstance: {fileID: 0}
  m_PrefabAsset: {fileID: 0}
  m_GameObject: {fileID: 3440246489740221992}
  m_LocalRotation: {x: 0, y: 0, z: 0, w: 1}
  m_LocalPosition: {x: 0, y: 0, z: 0}
  m_LocalScale: {x: 1, y: 1, z: 1}
  m_ConstrainProportionsScale: 0
  m_Children: []
  m_Father: {fileID: 5240948654692873204}
  m_RootOrder: 0
  m_LocalEulerAnglesHint: {x: 0, y: 0, z: 0}
  m_AnchorMin: {x: 0, y: 1}
  m_AnchorMax: {x: 1, y: 1}
  m_AnchoredPosition: {x: 0, y: 0}
  m_SizeDelta: {x: 0, y: 130}
  m_Pivot: {x: 0.5, y: 1}
--- !u!114 &875916826572132164
MonoBehaviour:
  m_ObjectHideFlags: 0
  m_CorrespondingSourceObject: {fileID: 0}
  m_PrefabInstance: {fileID: 0}
  m_PrefabAsset: {fileID: 0}
  m_GameObject: {fileID: 3440246489740221992}
  m_Enabled: 1
  m_EditorHideFlags: 0
  m_Script: {fileID: 11500000, guid: a3cf547b18ec5b145a86f1e065b64c9f, type: 3}
  m_Name: 
  m_EditorClassIdentifier: 
  _headerPrefab: {fileID: 3363924497987812407, guid: 855c78c94d5c26448aa92887a9fad199, type: 3}
  _currentHeader: {fileID: 0}
  _headerAnchor: {fileID: 4931314692110450570}
--- !u!114 &4336315971274312774
MonoBehaviour:
  m_ObjectHideFlags: 0
  m_CorrespondingSourceObject: {fileID: 0}
  m_PrefabInstance: {fileID: 0}
  m_PrefabAsset: {fileID: 0}
  m_GameObject: {fileID: 3440246489740221992}
  m_Enabled: 1
  m_EditorHideFlags: 0
  m_Script: {fileID: 11500000, guid: 3312d7739989d2b4e91e6319e9a96d76, type: 3}
  m_Name: 
  m_EditorClassIdentifier: 
  m_Padding: {x: 0, y: 0, z: 0, w: 0}
  m_Softness: {x: 30, y: 30}
--- !u!1 &4169686819087609114
GameObject:
  m_ObjectHideFlags: 0
  m_CorrespondingSourceObject: {fileID: 0}
  m_PrefabInstance: {fileID: 0}
  m_PrefabAsset: {fileID: 0}
  serializedVersion: 6
  m_Component:
  - component: {fileID: 6747525143517138928}
  m_Layer: 5
  m_Name: Handler
  m_TagString: Untagged
  m_Icon: {fileID: 0}
  m_NavMeshLayer: 0
  m_StaticEditorFlags: 0
  m_IsActive: 1
--- !u!224 &6747525143517138928
RectTransform:
  m_ObjectHideFlags: 0
  m_CorrespondingSourceObject: {fileID: 0}
  m_PrefabInstance: {fileID: 0}
  m_PrefabAsset: {fileID: 0}
  m_GameObject: {fileID: 4169686819087609114}
  m_LocalRotation: {x: 0, y: 0, z: 0, w: 1}
  m_LocalPosition: {x: 0, y: 0, z: 0}
  m_LocalScale: {x: 1, y: 1, z: 1}
  m_ConstrainProportionsScale: 0
  m_Children: []
  m_Father: {fileID: 78280228907957270}
  m_RootOrder: 0
  m_LocalEulerAnglesHint: {x: 0, y: 0, z: 0}
  m_AnchorMin: {x: 0, y: 0}
  m_AnchorMax: {x: 0, y: 0}
  m_AnchoredPosition: {x: 0, y: 0}
  m_SizeDelta: {x: 0, y: 0}
  m_Pivot: {x: 0.5, y: 0.5}
--- !u!1 &6354443596267080987
GameObject:
  m_ObjectHideFlags: 0
  m_CorrespondingSourceObject: {fileID: 0}
  m_PrefabInstance: {fileID: 0}
  m_PrefabAsset: {fileID: 0}
  serializedVersion: 6
  m_Component:
  - component: {fileID: 408269804473332718}
  - component: {fileID: 8686165388984866553}
  - component: {fileID: 3493094191069239946}
  m_Layer: 5
  m_Name: Scrollbar Vertical
  m_TagString: Untagged
  m_Icon: {fileID: 0}
  m_NavMeshLayer: 0
  m_StaticEditorFlags: 0
  m_IsActive: 1
--- !u!224 &408269804473332718
RectTransform:
  m_ObjectHideFlags: 0
  m_CorrespondingSourceObject: {fileID: 0}
  m_PrefabInstance: {fileID: 0}
  m_PrefabAsset: {fileID: 0}
  m_GameObject: {fileID: 6354443596267080987}
  m_LocalRotation: {x: -0, y: -0, z: -0, w: 1}
  m_LocalPosition: {x: 0, y: 0, z: 0}
  m_LocalScale: {x: 1, y: 1, z: 1}
  m_ConstrainProportionsScale: 0
  m_Children:
  - {fileID: 78280228907957270}
  m_Father: {fileID: 5240948654692873204}
  m_RootOrder: 2
  m_LocalEulerAnglesHint: {x: 0, y: 0, z: 0}
  m_AnchorMin: {x: 0, y: 0}
  m_AnchorMax: {x: 1, y: 1}
  m_AnchoredPosition: {x: 0, y: -130}
  m_SizeDelta: {x: 0, y: -130}
  m_Pivot: {x: 1, y: 1}
--- !u!114 &8686165388984866553
MonoBehaviour:
  m_ObjectHideFlags: 0
  m_CorrespondingSourceObject: {fileID: 0}
  m_PrefabInstance: {fileID: 0}
  m_PrefabAsset: {fileID: 0}
  m_GameObject: {fileID: 6354443596267080987}
  m_Enabled: 1
  m_EditorHideFlags: 0
  m_Script: {fileID: 11500000, guid: 1e62b6fac7fbd9644a96ba3cf75ba482, type: 3}
  m_Name: 
  m_EditorClassIdentifier: 
  _isActive:
    _value: 0
    _valueChanged:
      m_PersistentCalls:
        m_Calls: []
  _scroll: {fileID: 5541823444601477084}
  _selectionHandler: {fileID: 3464466331062111624}
  _selectionBehaviourObject: {fileID: 0}
  _currentSelectionItemObject: {fileID: 0}
  _isVisible:
    _value: 0
    _valueChanged:
      m_PersistentCalls:
        m_Calls:
        - m_Target: {fileID: 7320304165472728295}
          m_TargetAssemblyTypeName: ICD.Engine.Core.Animations.AnimatorParameterSetter`1[[System.Boolean,
            mscorlib
          m_MethodName: set_parameterValue
          m_Mode: 0
          m_Arguments:
            m_ObjectArgument: {fileID: 0}
            m_ObjectArgumentAssemblyTypeName: UnityEngine.Object, UnityEngine
            m_IntArgument: 0
            m_FloatArgument: 0
            m_StringArgument: 
            m_BoolArgument: 0
          m_CallState: 2
--- !u!114 &3493094191069239946
MonoBehaviour:
  m_ObjectHideFlags: 0
  m_CorrespondingSourceObject: {fileID: 0}
  m_PrefabInstance: {fileID: 0}
  m_PrefabAsset: {fileID: 0}
  m_GameObject: {fileID: 6354443596267080987}
  m_Enabled: 1
  m_EditorHideFlags: 0
  m_Script: {fileID: 11500000, guid: 2a4db7a114972834c8e4117be1d82ba3, type: 3}
  m_Name: 
  m_EditorClassIdentifier: 
  m_Navigation:
    m_Mode: 0
    m_WrapAround: 0
    m_SelectOnUp: {fileID: 0}
    m_SelectOnDown: {fileID: 0}
    m_SelectOnLeft: {fileID: 0}
    m_SelectOnRight: {fileID: 0}
  m_Transition: 0
  m_Colors:
    m_NormalColor: {r: 1, g: 1, b: 1, a: 1}
    m_HighlightedColor: {r: 0.9607843, g: 0.9607843, b: 0.9607843, a: 1}
    m_PressedColor: {r: 0.78431374, g: 0.78431374, b: 0.78431374, a: 1}
    m_SelectedColor: {r: 0.9607843, g: 0.9607843, b: 0.9607843, a: 1}
    m_DisabledColor: {r: 0.78431374, g: 0.78431374, b: 0.78431374, a: 0.5019608}
    m_ColorMultiplier: 1
    m_FadeDuration: 0.1
  m_SpriteState:
    m_HighlightedSprite: {fileID: 0}
    m_PressedSprite: {fileID: 0}
    m_SelectedSprite: {fileID: 0}
    m_DisabledSprite: {fileID: 0}
  m_AnimationTriggers:
    m_NormalTrigger: Normal
    m_HighlightedTrigger: Highlighted
    m_PressedTrigger: Pressed
    m_SelectedTrigger: Selected
    m_DisabledTrigger: Disabled
  m_Interactable: 0
  m_TargetGraphic: {fileID: 0}
  m_HandleRect: {fileID: 6747525143517138928}
  m_Direction: 2
  m_Value: 0
  m_Size: 1
  m_NumberOfSteps: 0
  m_OnValueChanged:
    m_PersistentCalls:
      m_Calls: []
--- !u!1 &6588744058632092999
GameObject:
  m_ObjectHideFlags: 0
  m_CorrespondingSourceObject: {fileID: 0}
  m_PrefabInstance: {fileID: 0}
  m_PrefabAsset: {fileID: 0}
  serializedVersion: 6
  m_Component:
  - component: {fileID: 5240948654692873204}
  - component: {fileID: 365633174405953935}
  - component: {fileID: 4757885340960945189}
  - component: {fileID: 5541823444601477084}
  - component: {fileID: 7396397974630578920}
  m_Layer: 5
  m_Name: Content Scroll
  m_TagString: Untagged
  m_Icon: {fileID: 0}
  m_NavMeshLayer: 0
  m_StaticEditorFlags: 0
  m_IsActive: 1
--- !u!224 &5240948654692873204
RectTransform:
  m_ObjectHideFlags: 0
  m_CorrespondingSourceObject: {fileID: 0}
  m_PrefabInstance: {fileID: 0}
  m_PrefabAsset: {fileID: 0}
  m_GameObject: {fileID: 6588744058632092999}
  m_LocalRotation: {x: -0, y: -0, z: -0, w: 1}
  m_LocalPosition: {x: 0, y: 0, z: 0}
  m_LocalScale: {x: 1, y: 1, z: 1}
  m_ConstrainProportionsScale: 1
  m_Children:
  - {fileID: 4931314692110450570}
  - {fileID: 4601140651109246986}
  - {fileID: 408269804473332718}
  m_Father: {fileID: 5002266447379323224}
  m_RootOrder: 2
  m_LocalEulerAnglesHint: {x: 0, y: 0, z: 0}
  m_AnchorMin: {x: 0, y: 0}
  m_AnchorMax: {x: 1, y: 1}
  m_AnchoredPosition: {x: 0, y: -32.5}
  m_SizeDelta: {x: -70, y: -135}
  m_Pivot: {x: 0.5, y: 0.5}
--- !u!222 &365633174405953935
CanvasRenderer:
  m_ObjectHideFlags: 0
  m_CorrespondingSourceObject: {fileID: 0}
  m_PrefabInstance: {fileID: 0}
  m_PrefabAsset: {fileID: 0}
  m_GameObject: {fileID: 6588744058632092999}
  m_CullTransparentMesh: 1
--- !u!114 &4757885340960945189
MonoBehaviour:
  m_ObjectHideFlags: 0
  m_CorrespondingSourceObject: {fileID: 0}
  m_PrefabInstance: {fileID: 0}
  m_PrefabAsset: {fileID: 0}
  m_GameObject: {fileID: 6588744058632092999}
  m_Enabled: 1
  m_EditorHideFlags: 0
  m_Script: {fileID: 11500000, guid: fe87c0e1cc204ed48ad3b37840f39efc, type: 3}
  m_Name: 
  m_EditorClassIdentifier: 
  m_Material: {fileID: 0}
  m_Color: {r: 1, g: 1, b: 1, a: 0.47058824}
  m_RaycastTarget: 1
  m_RaycastPadding: {x: 0, y: 0, z: 0, w: 0}
  m_Maskable: 1
  m_OnCullStateChanged:
    m_PersistentCalls:
      m_Calls: []
  m_Sprite: {fileID: 21300000, guid: 2129e95aad756d646bb96f6855288cc7, type: 3}
  m_Type: 0
  m_PreserveAspect: 0
  m_FillCenter: 1
  m_FillMethod: 4
  m_FillAmount: 1
  m_FillClockwise: 1
  m_FillOrigin: 0
  m_UseSpriteMesh: 0
  m_PixelsPerUnitMultiplier: 1
--- !u!114 &5541823444601477084
MonoBehaviour:
  m_ObjectHideFlags: 0
  m_CorrespondingSourceObject: {fileID: 0}
  m_PrefabInstance: {fileID: 0}
  m_PrefabAsset: {fileID: 0}
  m_GameObject: {fileID: 6588744058632092999}
  m_Enabled: 1
  m_EditorHideFlags: 0
  m_Script: {fileID: 11500000, guid: 1aa08ab6e0800fa44ae55d278d1423e3, type: 3}
  m_Name: 
  m_EditorClassIdentifier: 
  m_Content: {fileID: 0}
  m_Horizontal: 0
  m_Vertical: 1
  m_MovementType: 1
  m_Elasticity: 0.015
  m_Inertia: 1
  m_DecelerationRate: 0.05
  m_ScrollSensitivity: 3
  m_Viewport: {fileID: 4601140651109246986}
  m_HorizontalScrollbar: {fileID: 0}
  m_VerticalScrollbar: {fileID: 3493094191069239946}
  m_HorizontalScrollbarVisibility: 2
  m_VerticalScrollbarVisibility: 0
  m_HorizontalScrollbarSpacing: -3
  m_VerticalScrollbarSpacing: -3
  m_OnValueChanged:
    m_PersistentCalls:
      m_Calls: []
--- !u!114 &7396397974630578920
MonoBehaviour:
  m_ObjectHideFlags: 0
  m_CorrespondingSourceObject: {fileID: 0}
  m_PrefabInstance: {fileID: 0}
  m_PrefabAsset: {fileID: 0}
  m_GameObject: {fileID: 6588744058632092999}
  m_Enabled: 1
  m_EditorHideFlags: 0
  m_Script: {fileID: 11500000, guid: 31a19414c41e5ae4aae2af33fee712f6, type: 3}
  m_Name: 
  m_EditorClassIdentifier: 
  m_ShowMaskGraphic: 1
--- !u!1 &8803099784587345598
GameObject:
  m_ObjectHideFlags: 0
  m_CorrespondingSourceObject: {fileID: 0}
  m_PrefabInstance: {fileID: 0}
  m_PrefabAsset: {fileID: 0}
  serializedVersion: 6
  m_Component:
  - component: {fileID: 78280228907957270}
  m_Layer: 5
  m_Name: SlidingArea
  m_TagString: Untagged
  m_Icon: {fileID: 0}
  m_NavMeshLayer: 0
  m_StaticEditorFlags: 0
  m_IsActive: 1
--- !u!224 &78280228907957270
RectTransform:
  m_ObjectHideFlags: 0
  m_CorrespondingSourceObject: {fileID: 0}
  m_PrefabInstance: {fileID: 0}
  m_PrefabAsset: {fileID: 0}
  m_GameObject: {fileID: 8803099784587345598}
  m_LocalRotation: {x: 0, y: 0, z: 0, w: 1}
  m_LocalPosition: {x: 0, y: 0, z: 0}
  m_LocalScale: {x: 1, y: 1, z: 1}
  m_ConstrainProportionsScale: 0
  m_Children:
  - {fileID: 6747525143517138928}
  - {fileID: 3464466331062111624}
  m_Father: {fileID: 408269804473332718}
  m_RootOrder: 0
  m_LocalEulerAnglesHint: {x: 0, y: 0, z: 0}
  m_AnchorMin: {x: 0, y: 0}
  m_AnchorMax: {x: 1, y: 1}
  m_AnchoredPosition: {x: 0, y: -2.5}
  m_SizeDelta: {x: 0, y: -55}
  m_Pivot: {x: 0.5, y: 0.5}
--- !u!1001 &1511275378
PrefabInstance:
  m_ObjectHideFlags: 0
  serializedVersion: 2
  m_Modification:
    m_TransformParent: {fileID: 5002266447379323224}
    m_Modifications:
    - target: {fileID: 2486099118353756452, guid: f0d6ff1c2ebea704ea9bdfa9990b2613, type: 3}
      propertyPath: m_RootOrder
      value: 0
      objectReference: {fileID: 0}
    - target: {fileID: 2486099118353756452, guid: f0d6ff1c2ebea704ea9bdfa9990b2613, type: 3}
      propertyPath: m_LocalPosition.x
      value: 0
      objectReference: {fileID: 0}
    - target: {fileID: 2486099118353756452, guid: f0d6ff1c2ebea704ea9bdfa9990b2613, type: 3}
      propertyPath: m_LocalPosition.y
      value: 0
      objectReference: {fileID: 0}
    - target: {fileID: 2486099118353756452, guid: f0d6ff1c2ebea704ea9bdfa9990b2613, type: 3}
      propertyPath: m_AnchoredPosition.x
      value: -60
      objectReference: {fileID: 0}
    - target: {fileID: 2486099118353756452, guid: f0d6ff1c2ebea704ea9bdfa9990b2613, type: 3}
      propertyPath: m_AnchoredPosition.y
      value: -60
      objectReference: {fileID: 0}
    - target: {fileID: 2486099118353756452, guid: f0d6ff1c2ebea704ea9bdfa9990b2613, type: 3}
      propertyPath: m_LocalEulerAnglesHint.x
      value: 0
      objectReference: {fileID: 0}
    - target: {fileID: 2486099118353756452, guid: f0d6ff1c2ebea704ea9bdfa9990b2613, type: 3}
      propertyPath: m_LocalEulerAnglesHint.y
      value: 0
      objectReference: {fileID: 0}
    - target: {fileID: 2486099118353756452, guid: f0d6ff1c2ebea704ea9bdfa9990b2613, type: 3}
      propertyPath: m_LocalEulerAnglesHint.z
      value: 0
      objectReference: {fileID: 0}
    - target: {fileID: 4292783093422164922, guid: f0d6ff1c2ebea704ea9bdfa9990b2613, type: 3}
      propertyPath: m_SizeDelta.x
      value: 0
      objectReference: {fileID: 0}
    - target: {fileID: 6030665173840694303, guid: f0d6ff1c2ebea704ea9bdfa9990b2613, type: 3}
      propertyPath: m_Name
      value: Tip "Next"
      objectReference: {fileID: 0}
    m_RemovedComponents: []
  m_SourcePrefab: {fileID: 100100000, guid: f0d6ff1c2ebea704ea9bdfa9990b2613, type: 3}
--- !u!1 &6030665174745888621 stripped
GameObject:
  m_CorrespondingSourceObject: {fileID: 6030665173840694303, guid: f0d6ff1c2ebea704ea9bdfa9990b2613, type: 3}
  m_PrefabInstance: {fileID: 1511275378}
  m_PrefabAsset: {fileID: 0}
--- !u!1001 &1885480509209819528
PrefabInstance:
  m_ObjectHideFlags: 0
  serializedVersion: 2
  m_Modification:
    m_TransformParent: {fileID: 5002266447379323224}
    m_Modifications:
    - target: {fileID: 2502260273089066940, guid: c42177eb3f8e9db4f9eb09a134976c12, type: 3}
      propertyPath: m_Pivot.x
      value: 0.5
      objectReference: {fileID: 0}
    - target: {fileID: 2502260273089066940, guid: c42177eb3f8e9db4f9eb09a134976c12, type: 3}
      propertyPath: m_Pivot.y
      value: 0.5
      objectReference: {fileID: 0}
    - target: {fileID: 2502260273089066940, guid: c42177eb3f8e9db4f9eb09a134976c12, type: 3}
      propertyPath: m_RootOrder
      value: 1
      objectReference: {fileID: 0}
    - target: {fileID: 2502260273089066940, guid: c42177eb3f8e9db4f9eb09a134976c12, type: 3}
      propertyPath: m_AnchorMax.x
      value: 0
      objectReference: {fileID: 0}
    - target: {fileID: 2502260273089066940, guid: c42177eb3f8e9db4f9eb09a134976c12, type: 3}
      propertyPath: m_AnchorMax.y
      value: 1
      objectReference: {fileID: 0}
    - target: {fileID: 2502260273089066940, guid: c42177eb3f8e9db4f9eb09a134976c12, type: 3}
      propertyPath: m_AnchorMin.x
      value: 0
      objectReference: {fileID: 0}
    - target: {fileID: 2502260273089066940, guid: c42177eb3f8e9db4f9eb09a134976c12, type: 3}
      propertyPath: m_AnchorMin.y
      value: 1
      objectReference: {fileID: 0}
    - target: {fileID: 2502260273089066940, guid: c42177eb3f8e9db4f9eb09a134976c12, type: 3}
      propertyPath: m_SizeDelta.x
      value: 25
      objectReference: {fileID: 0}
    - target: {fileID: 2502260273089066940, guid: c42177eb3f8e9db4f9eb09a134976c12, type: 3}
      propertyPath: m_SizeDelta.y
      value: 25
      objectReference: {fileID: 0}
    - target: {fileID: 2502260273089066940, guid: c42177eb3f8e9db4f9eb09a134976c12, type: 3}
      propertyPath: m_LocalPosition.x
      value: 0
      objectReference: {fileID: 0}
    - target: {fileID: 2502260273089066940, guid: c42177eb3f8e9db4f9eb09a134976c12, type: 3}
      propertyPath: m_LocalPosition.y
      value: 0
      objectReference: {fileID: 0}
    - target: {fileID: 2502260273089066940, guid: c42177eb3f8e9db4f9eb09a134976c12, type: 3}
      propertyPath: m_LocalPosition.z
      value: 0
      objectReference: {fileID: 0}
    - target: {fileID: 2502260273089066940, guid: c42177eb3f8e9db4f9eb09a134976c12, type: 3}
      propertyPath: m_LocalRotation.w
      value: 1
      objectReference: {fileID: 0}
    - target: {fileID: 2502260273089066940, guid: c42177eb3f8e9db4f9eb09a134976c12, type: 3}
      propertyPath: m_LocalRotation.x
      value: -0
      objectReference: {fileID: 0}
    - target: {fileID: 2502260273089066940, guid: c42177eb3f8e9db4f9eb09a134976c12, type: 3}
      propertyPath: m_LocalRotation.y
      value: -0
      objectReference: {fileID: 0}
    - target: {fileID: 2502260273089066940, guid: c42177eb3f8e9db4f9eb09a134976c12, type: 3}
      propertyPath: m_LocalRotation.z
      value: -0
      objectReference: {fileID: 0}
    - target: {fileID: 2502260273089066940, guid: c42177eb3f8e9db4f9eb09a134976c12, type: 3}
      propertyPath: m_AnchoredPosition.x
      value: 60
      objectReference: {fileID: 0}
    - target: {fileID: 2502260273089066940, guid: c42177eb3f8e9db4f9eb09a134976c12, type: 3}
      propertyPath: m_AnchoredPosition.y
      value: -60
      objectReference: {fileID: 0}
    - target: {fileID: 2502260273089066940, guid: c42177eb3f8e9db4f9eb09a134976c12, type: 3}
      propertyPath: m_LocalEulerAnglesHint.x
      value: 0
      objectReference: {fileID: 0}
    - target: {fileID: 2502260273089066940, guid: c42177eb3f8e9db4f9eb09a134976c12, type: 3}
      propertyPath: m_LocalEulerAnglesHint.y
      value: 0
      objectReference: {fileID: 0}
    - target: {fileID: 2502260273089066940, guid: c42177eb3f8e9db4f9eb09a134976c12, type: 3}
      propertyPath: m_LocalEulerAnglesHint.z
      value: 0
      objectReference: {fileID: 0}
    - target: {fileID: 4572583239346644495, guid: c42177eb3f8e9db4f9eb09a134976c12, type: 3}
      propertyPath: m_Name
      value: Tip "Back"
      objectReference: {fileID: 0}
    - target: {fileID: 8478280411296981612, guid: c42177eb3f8e9db4f9eb09a134976c12, type: 3}
      propertyPath: m_SizeDelta.x
      value: 0
      objectReference: {fileID: 0}
    m_RemovedComponents: []
  m_SourcePrefab: {fileID: 100100000, guid: c42177eb3f8e9db4f9eb09a134976c12, type: 3}
--- !u!1001 &2976142618193420435
PrefabInstance:
  m_ObjectHideFlags: 0
  serializedVersion: 2
  m_Modification:
    m_TransformParent: {fileID: 78280228907957270}
    m_Modifications:
    - target: {fileID: 1826526534288272667, guid: bbe936aeeb171064c9493db56887b990, type: 3}
      propertyPath: m_RootOrder
      value: 1
      objectReference: {fileID: 0}
    - target: {fileID: 1826526534288272667, guid: bbe936aeeb171064c9493db56887b990, type: 3}
      propertyPath: m_LocalPosition.x
      value: 0
      objectReference: {fileID: 0}
    - target: {fileID: 1826526534288272667, guid: bbe936aeeb171064c9493db56887b990, type: 3}
      propertyPath: m_LocalPosition.y
      value: 0
      objectReference: {fileID: 0}
    - target: {fileID: 1826526534288272667, guid: bbe936aeeb171064c9493db56887b990, type: 3}
      propertyPath: m_AnchoredPosition.y
      value: -60
      objectReference: {fileID: 0}
    - target: {fileID: 1826526534288272667, guid: bbe936aeeb171064c9493db56887b990, type: 3}
      propertyPath: m_LocalEulerAnglesHint.x
      value: 0
      objectReference: {fileID: 0}
    - target: {fileID: 1826526534288272667, guid: bbe936aeeb171064c9493db56887b990, type: 3}
      propertyPath: m_LocalEulerAnglesHint.y
      value: 0
      objectReference: {fileID: 0}
    - target: {fileID: 1826526534288272667, guid: bbe936aeeb171064c9493db56887b990, type: 3}
      propertyPath: m_LocalEulerAnglesHint.z
      value: 0
      objectReference: {fileID: 0}
    - target: {fileID: 5236810767434275542, guid: bbe936aeeb171064c9493db56887b990, type: 3}
      propertyPath: m_Name
      value: Selector
      objectReference: {fileID: 0}
    m_RemovedComponents: []
  m_SourcePrefab: {fileID: 100100000, guid: bbe936aeeb171064c9493db56887b990, type: 3}
--- !u!224 &3464466331062111624 stripped
RectTransform:
  m_CorrespondingSourceObject: {fileID: 1826526534288272667, guid: bbe936aeeb171064c9493db56887b990, type: 3}
  m_PrefabInstance: {fileID: 2976142618193420435}
  m_PrefabAsset: {fileID: 0}
--- !u!114 &7320304165472728295 stripped
MonoBehaviour:
  m_CorrespondingSourceObject: {fileID: 5538178685175174260, guid: bbe936aeeb171064c9493db56887b990, type: 3}
  m_PrefabInstance: {fileID: 2976142618193420435}
  m_PrefabAsset: {fileID: 0}
  m_GameObject: {fileID: 0}
  m_Enabled: 1
  m_EditorHideFlags: 0
  m_Script: {fileID: 11500000, guid: 9e96214c12c737340b5e811966adcc59, type: 3}
  m_Name: 
  m_EditorClassIdentifier: 
--- !u!1001 &9126919295440661833
PrefabInstance:
  m_ObjectHideFlags: 0
  serializedVersion: 2
  m_Modification:
    m_TransformParent: {fileID: 0}
    m_Modifications:
    - target: {fileID: 4306226754091939373, guid: b0fee83f176c46f4c9631e4cac36214f, type: 3}
      propertyPath: m_Name
      value: 3.2.Subcategories and Products
      objectReference: {fileID: 0}
    - target: {fileID: 4306226754091939374, guid: b0fee83f176c46f4c9631e4cac36214f, type: 3}
      propertyPath: m_Pivot.x
      value: 0.5
      objectReference: {fileID: 0}
    - target: {fileID: 4306226754091939374, guid: b0fee83f176c46f4c9631e4cac36214f, type: 3}
      propertyPath: m_Pivot.y
      value: 0.5
      objectReference: {fileID: 0}
    - target: {fileID: 4306226754091939374, guid: b0fee83f176c46f4c9631e4cac36214f, type: 3}
      propertyPath: m_RootOrder
      value: 0
      objectReference: {fileID: 0}
    - target: {fileID: 4306226754091939374, guid: b0fee83f176c46f4c9631e4cac36214f, type: 3}
      propertyPath: m_AnchorMax.x
      value: 1
      objectReference: {fileID: 0}
    - target: {fileID: 4306226754091939374, guid: b0fee83f176c46f4c9631e4cac36214f, type: 3}
      propertyPath: m_AnchorMax.y
      value: 1
      objectReference: {fileID: 0}
    - target: {fileID: 4306226754091939374, guid: b0fee83f176c46f4c9631e4cac36214f, type: 3}
      propertyPath: m_AnchorMin.x
      value: 0
      objectReference: {fileID: 0}
    - target: {fileID: 4306226754091939374, guid: b0fee83f176c46f4c9631e4cac36214f, type: 3}
      propertyPath: m_AnchorMin.y
      value: 0
      objectReference: {fileID: 0}
    - target: {fileID: 4306226754091939374, guid: b0fee83f176c46f4c9631e4cac36214f, type: 3}
      propertyPath: m_SizeDelta.x
      value: 0
      objectReference: {fileID: 0}
    - target: {fileID: 4306226754091939374, guid: b0fee83f176c46f4c9631e4cac36214f, type: 3}
      propertyPath: m_SizeDelta.y
      value: 0
      objectReference: {fileID: 0}
    - target: {fileID: 4306226754091939374, guid: b0fee83f176c46f4c9631e4cac36214f, type: 3}
      propertyPath: m_LocalPosition.x
      value: 0
      objectReference: {fileID: 0}
    - target: {fileID: 4306226754091939374, guid: b0fee83f176c46f4c9631e4cac36214f, type: 3}
      propertyPath: m_LocalPosition.y
      value: 0
      objectReference: {fileID: 0}
    - target: {fileID: 4306226754091939374, guid: b0fee83f176c46f4c9631e4cac36214f, type: 3}
      propertyPath: m_LocalPosition.z
      value: 0
      objectReference: {fileID: 0}
    - target: {fileID: 4306226754091939374, guid: b0fee83f176c46f4c9631e4cac36214f, type: 3}
      propertyPath: m_LocalRotation.w
      value: 1
      objectReference: {fileID: 0}
    - target: {fileID: 4306226754091939374, guid: b0fee83f176c46f4c9631e4cac36214f, type: 3}
      propertyPath: m_LocalRotation.x
      value: 0
      objectReference: {fileID: 0}
    - target: {fileID: 4306226754091939374, guid: b0fee83f176c46f4c9631e4cac36214f, type: 3}
      propertyPath: m_LocalRotation.y
      value: 0
      objectReference: {fileID: 0}
    - target: {fileID: 4306226754091939374, guid: b0fee83f176c46f4c9631e4cac36214f, type: 3}
      propertyPath: m_LocalRotation.z
      value: 0
      objectReference: {fileID: 0}
    - target: {fileID: 4306226754091939374, guid: b0fee83f176c46f4c9631e4cac36214f, type: 3}
      propertyPath: m_AnchoredPosition.x
      value: 0
      objectReference: {fileID: 0}
    - target: {fileID: 4306226754091939374, guid: b0fee83f176c46f4c9631e4cac36214f, type: 3}
      propertyPath: m_AnchoredPosition.y
      value: 0
      objectReference: {fileID: 0}
    - target: {fileID: 4306226754091939374, guid: b0fee83f176c46f4c9631e4cac36214f, type: 3}
      propertyPath: m_LocalEulerAnglesHint.x
      value: 0
      objectReference: {fileID: 0}
    - target: {fileID: 4306226754091939374, guid: b0fee83f176c46f4c9631e4cac36214f, type: 3}
      propertyPath: m_LocalEulerAnglesHint.y
      value: 0
      objectReference: {fileID: 0}
    - target: {fileID: 4306226754091939374, guid: b0fee83f176c46f4c9631e4cac36214f, type: 3}
      propertyPath: m_LocalEulerAnglesHint.z
      value: 0
      objectReference: {fileID: 0}
    m_RemovedComponents: []
  m_SourcePrefab: {fileID: 100100000, guid: b0fee83f176c46f4c9631e4cac36214f, type: 3}
--- !u!224 &5002266447379323224 stripped
RectTransform:
  m_CorrespondingSourceObject: {fileID: 4306226752641856529, guid: b0fee83f176c46f4c9631e4cac36214f, type: 3}
  m_PrefabInstance: {fileID: 9126919295440661833}
  m_PrefabAsset: {fileID: 0}
--- !u!1 &5002266448748927844 stripped
GameObject:
  m_CorrespondingSourceObject: {fileID: 4306226754091939373, guid: b0fee83f176c46f4c9631e4cac36214f, type: 3}
  m_PrefabInstance: {fileID: 9126919295440661833}
  m_PrefabAsset: {fileID: 0}
--- !u!95 &9126919295850480241
Animator:
  serializedVersion: 4
  m_ObjectHideFlags: 0
  m_CorrespondingSourceObject: {fileID: 0}
  m_PrefabInstance: {fileID: 0}
  m_PrefabAsset: {fileID: 0}
  m_GameObject: {fileID: 5002266448748927844}
  m_Enabled: 1
  m_Avatar: {fileID: 0}
  m_Controller: {fileID: 9100000, guid: edb5e3ee2e079af4fa5fdf1a3e4a5850, type: 2}
  m_CullingMode: 0
  m_UpdateMode: 0
  m_ApplyRootMotion: 0
  m_LinearVelocityBlending: 0
  m_StabilizeFeet: 0
  m_WarningMessage: 
  m_HasTransformHierarchy: 1
  m_AllowConstantClipSamplingOptimization: 1
  m_KeepAnimatorControllerStateOnDisable: 0
--- !u!114 &1271272027827501464
MonoBehaviour:
  m_ObjectHideFlags: 0
  m_CorrespondingSourceObject: {fileID: 0}
  m_PrefabInstance: {fileID: 0}
  m_PrefabAsset: {fileID: 0}
  m_GameObject: {fileID: 5002266448748927844}
  m_Enabled: 1
  m_EditorHideFlags: 0
  m_Script: {fileID: 11500000, guid: c43074f592e2b88459d9c3b61be91fde, type: 3}
  m_Name: 
  m_EditorClassIdentifier: 
  _isActive: 0
  _activationStateChanged:
    _invoked:
      m_PersistentCalls:
        m_Calls: []
    _invokedInverted:
      m_PersistentCalls:
        m_Calls: []
    _trueValueInvoked:
      m_PersistentCalls:
        m_Calls: []
    _falseValueInvoked:
      m_PersistentCalls:
        m_Calls: []
  _transitionInvoked:
    m_PersistentCalls:
      m_Calls:
      - m_Target: {fileID: 9126919295850480241}
        m_TargetAssemblyTypeName: UnityEngine.Animator, UnityEngine
        m_MethodName: SetTrigger
        m_Mode: 5
        m_Arguments:
          m_ObjectArgument: {fileID: 0}
          m_ObjectArgumentAssemblyTypeName: UnityEngine.Object, UnityEngine
          m_IntArgument: 0
          m_FloatArgument: 0
          m_StringArgument: Disappear
          m_BoolArgument: 0
        m_CallState: 2
  _currentContent: {fileID: 0}
  _contentRoot: {fileID: 4601140651109246986}
  _selector: {fileID: 8686165388984866553}
  _contentBuilder: {fileID: 11400000, guid: 193c6bd6b24490946af9796c58d0f92f, type: 2}
  _contentChanged:
    m_PersistentCalls:
      m_Calls:
      - m_Target: {fileID: 5541823444601477084}
        m_TargetAssemblyTypeName: UnityEngine.UI.ScrollRect, UnityEngine.UI
        m_MethodName: set_content
        m_Mode: 0
        m_Arguments:
          m_ObjectArgument: {fileID: 0}
          m_ObjectArgumentAssemblyTypeName: UnityEngine.Object, UnityEngine
          m_IntArgument: 0
          m_FloatArgument: 0
          m_StringArgument: 
          m_BoolArgument: 0
        m_CallState: 2
  _headerController: {fileID: 875916826572132164}
  _returnToRootReqired:
    m_PersistentCalls:
      m_Calls:
      - m_Target: {fileID: 1271272027827501464}
        m_TargetAssemblyTypeName: ICD.SberCatalogue.View.Screens.PresentationScreen,
          ICD.SberCatalogue.View
        m_MethodName: ToScreen
        m_Mode: 2
        m_Arguments:
          m_ObjectArgument: {fileID: 1959258270043605402, guid: 6178763ae4a5ba7469ebf6d8380cbae3, type: 3}
          m_ObjectArgumentAssemblyTypeName: ICD.SberCatalogue.View.Screens.PresentationScreen,
            ICD.SberCatalogue.View
          m_IntArgument: 0
          m_FloatArgument: 0
          m_StringArgument: 
          m_BoolArgument: 0
        m_CallState: 2
  _categoryPageOpened:
    m_PersistentCalls:
      m_Calls:
      - m_Target: {fileID: 6030665174745888621}
        m_TargetAssemblyTypeName: UnityEngine.GameObject, UnityEngine
        m_MethodName: SetActive
        m_Mode: 0
        m_Arguments:
          m_ObjectArgument: {fileID: 0}
          m_ObjectArgumentAssemblyTypeName: UnityEngine.Object, UnityEngine
          m_IntArgument: 0
          m_FloatArgument: 0
          m_StringArgument: 
          m_BoolArgument: 0
        m_CallState: 2
--- !u!114 &4392649744979217791
MonoBehaviour:
  m_ObjectHideFlags: 0
  m_CorrespondingSourceObject: {fileID: 0}
  m_PrefabInstance: {fileID: 0}
  m_PrefabAsset: {fileID: 0}
  m_GameObject: {fileID: 5002266448748927844}
  m_Enabled: 1
  m_EditorHideFlags: 0
  m_Script: {fileID: 11500000, guid: c5162a57c4c159447b6a8aa04f6153d5, type: 3}
  m_Name: 
  m_EditorClassIdentifier: 
--- !u!114 &4909985506383731280
MonoBehaviour:
  m_ObjectHideFlags: 0
  m_CorrespondingSourceObject: {fileID: 0}
  m_PrefabInstance: {fileID: 0}
  m_PrefabAsset: {fileID: 0}
  m_GameObject: {fileID: 5002266448748927844}
  m_Enabled: 1
  m_EditorHideFlags: 0
  m_Script: {fileID: 11500000, guid: c5959474b93d8df46ae9dec403407691, type: 3}
  m_Name: 
  m_EditorClassIdentifier: 
  _resetTimeout: 60
  _defaultScreenPrefab: {fileID: 5878764565286977790, guid: eeede22b7b3f26247a10283237cb97e0, type: 3}
--- !u!114 &8862672168138473247
MonoBehaviour:
  m_ObjectHideFlags: 0
  m_CorrespondingSourceObject: {fileID: 0}
  m_PrefabInstance: {fileID: 0}
  m_PrefabAsset: {fileID: 0}
  m_GameObject: {fileID: 5002266448748927844}
  m_Enabled: 1
  m_EditorHideFlags: 0
  m_Script: {fileID: 11500000, guid: 553e29eff694f3242b23b6ebfac43ddd, type: 3}
  m_Name: 
  m_EditorClassIdentifier: 
